% backgrounds
@article{kung2008software,
  title={Software verification and validation},
  author={Kung, David and Zhu, Hong},
  journal={Wiley Encyclopedia of Computer Science and Engineering},
  year={2008},
  publisher={Wiley Online Library}
}

@misc{1_sagiv_2015,
author={M. Sagiv},
title={Lecture notes in Automatic Software Verification: Bounded Model Checking},
month={April},
year={2015},
publisher={Tel Aviv University}
}

@misc{the_cprover_user_manual,
title={The CProver User Manual.},
howpublished={\url{http://www.cprover.org/cbmc/doc/manual.pdf}}
}

@misc{3_the_s2n_user_manual,
title={The S2N User Manual.},
howpublished={\url{https://github.com/awslabs/s2n/blob/master/docs/USAGE-GUIDE.md}}
}

@misc{4_introducing_s2n,
author={S. Schmidt.},
title={Introducing s2n, a new open source
TLS implementation.},
howpublished={\url{https://blogs.aws.amazon.com/
security/post/TxCKZM94ST1S6Y/Introducing-s2n-a-NewOpen-Source-TLS-Implementation}}
}

@misc{5_introduction_to_CBMC,
author={A. Gurfinkel.},
title={Introduction to CBMC, based on slides by D. Kroening},
month={November},
year={2012},
howpublished={\url{http://www.cs.cmu.edu/~emc/15414-f12/lecture/cbmc.pptx.}}
}

@inproceedings{ckl2004,
  AUTHOR    = { Clarke, Edmund
                and Kroening, Daniel
                and Lerda, Flavio },
  TITLE     = { A Tool for Checking {ANSI-C} Programs },
  BOOKTITLE = { Tools and Algorithms for the Construction and Analysis of Systems (TACAS 2004) },
  YEAR      = { 2004 },
  PUBLISHER = { Springer },
  PAGES     = { 168--176 },
  ISBN      = { 3-540-21299-X },
  SERIES    = { Lecture Notes in Computer Science },
  VOLUME    = { 2988 },
  EDITOR    = { Kurt Jensen and Andreas Podelski },
}

@misc{6_web_server_survey,
author={Netcraft},
title={April 2016 Web Server Survey},
month={April},
year={2016},
howpublished={\url{http://news.netcraft.com/archives/2016/04/21/april-2016-web-server-survey.html}}
}

@misc{7_w3techs,
author={W3techs},
title={Usage of web servers broken down by ranking},
month={April},
year={2016},
howpublished={\url{http://w3techs.com/technologies/cross/web\_server/ranking}}
}

@misc{9_heartbleed,
author={Netcraft},
title={Half a million widely trusted websites vulnerable to Heartbleed bug},
month={April},
year={2014},
howpublished={\url{http://news.netcraft.com/archives/2014/04/08/half-a-million-widely-trusted-websites-vulnerable-to-heartbleed-bug.html}}
}

@book{Clarke:2000:MC:332656,
 author = {Clarke,Jr., Edmund M. and Grumberg, Orna and Peled, Doron A.},
 title = {Model Checking},
 year = {1999},
 isbn = {0-262-03270-8},
 publisher = {MIT Press},
 address = {Cambridge, MA, USA},
} 

@incollection{Clarke:2008:BMC:1423535.1423536,
 author = {Clarke, Edmund M.},
 chapter = {The Birth of Model Checking},
 title = {25 Years of Model Checking},
 editor = {Grumberg, Orna and Veith, Helmut},
 year = {2008},
 isbn = {978-3-540-69849-4},
 pages = {1--26},
 numpages = {26},
 url = {http://dx.doi.org/10.1007/978-3-540-69850-0_1},
 doi = {10.1007/978-3-540-69850-0_1},
 acmid = {1423536},
 publisher = {Springer-Verlag},
 address = {Berlin, Heidelberg},
} 

@article{biere2003bounded,
  title={Bounded model checking},
  author={Biere, Armin and Cimatti, Alessandro and Clarke, Edmund M and Strichman, Ofer and Zhu, Yunshan},
  journal={Advances in computers},
  volume={58},
  pages={117--148},
  year={2003},
  publisher={Elsevier}
}

% ****************************** Related Works *******************************

@unpublished{TSVP,
author = "M. Brain and D. Kroening", 
title = "The Software Verification Pyramid",
note = "Submitted to the Royal Society Philosophical Transactions A",
}


@inproceedings{Voelter:2015:TIS:2846696.2846698,
 author = {Voelter, Markus and Molotnikov, Zaur and Kolb, Bernd},
 title = {Towards Improving Software Security Using Language Engineering and Mbeddr C},
 booktitle = {Proceedings of the Workshop on Domain-Specific Modeling},
 series = {DSM 2015},
 year = {2015},
 isbn = {978-1-4503-3903-2},
 location = {Pittsburgh, PA, USA},
 pages = {55--62},
 numpages = {8},
 url = {http://doi.acm.org/10.1145/2846696.2846698},
 doi = {10.1145/2846696.2846698},
 acmid = {2846698},
 publisher = {ACM},
 address = {New York, NY, USA},
 keywords = {Domain-Specific Languages, IDEs, Language Extensions, Modeling, Software Security},
} 

@InProceedings{jskelinen_et_al:OASIcs:2012:3589,
  author =	{Antti J{\"a}{\"a}skel{\"a}inen and Mika Katara and Shmuel Katz and Heikki Virtanen},
  title =	{Verification of Safety-Critical Systems: A Case Study Report on Using Modern Model Checking Tools},
  booktitle =	{6th International Workshop on Systems Software Verification},
  pages =	{44--56},
  series =	{OpenAccess Series in Informatics (OASIcs)},
  ISBN =	{978-3-939897-36-1},
  ISSN =	{2190-6807},
  year =	{2012},
  volume =	{24},
  editor =	{J{\"o}rg Brauer and Marco Roveri and Hendrik Tews},
  publisher =	{Schloss Dagstuhl--Leibniz-Zentrum fuer Informatik},
  address =	{Dagstuhl, Germany},
  URL =		{http://drops.dagstuhl.de/opus/volltexte/2012/3589},
  URN =		{urn:nbn:de:0030-drops-35891},
  doi =		{http://dx.doi.org/10.4230/OASIcs.SSV.2011.44},
  annote =	{Keywords: Functional safety, SIL-3, model checking, tools}
}

@article{Yang:2006:UMC:1189256.1189259,
 author = {Yang, Junfeng and Twohey, Paul and Engler, Dawson and Musuvathi, Madanlal},
 title = {Using Model Checking to Find Serious File System Errors},
 journal = {ACM Trans. Comput. Syst.},
 issue_date = {November 2006},
 volume = {24},
 number = {4},
 month = nov,
 year = {2006},
 issn = {0734-2071},
 pages = {393--423},
 numpages = {31},
 url = {http://doi.acm.org/10.1145/1189256.1189259},
 doi = {10.1145/1189256.1189259},
 acmid = {1189259},
 publisher = {ACM},
 address = {New York, NY, USA},
 keywords = {Model checking, crash, file system, journaling, recovery},
} 

@Inbook{Lipka2014,
author="Lipka, Richard
and Pa{\v{s}}ka, Marek
and Potu{\v{z}}{\'a}k, Tom{\'a}{\v{s}}",
editor="Majzik, Istv{\'a}n
and Vieira, Marco",
chapter="Simulation Testing and Model Checking: A Case Study Comparing these Approaches",
title="Software Engineering for Resilient Systems: 6th International Workshop, SERENE 2014, Budapest, Hungary, October 15-16, 2014. Proceedings",
year="2014",
publisher="Springer International Publishing",
address="Cham",
pages="116--130",
isbn="978-3-319-12241-0",
doi="10.1007/978-3-319-12241-0_9",
url="http://dx.doi.org/10.1007/978-3-319-12241-0_9"
}

@ARTICLE{4544862, 
author={V. D'Silva and D. Kroening and G. Weissenbacher}, 
journal={IEEE Transactions on Computer-Aided Design of Integrated Circuits and Systems}, 
title={A Survey of Automated Techniques for Formal Software Verification}, 
year={2008}, 
volume={27}, 
number={7}, 
pages={1165-1178}, 
keywords={electronic engineering computing;program diagnostics;program verification;abstract domains;automated techniques;automatic static analysis;bounded model checking;electronic systems;formal software verification;formal verification tools;programming error detection;Algorithm design and analysis;Automatic programming;Automatic testing;Formal verification;Hardware;Performance analysis;Software algorithms;Software performance;Software quality;Software systems;Bounded model checking (BMC);model checking;predicate abstraction;software verification;static analysis}, 
doi={10.1109/TCAD.2008.923410}, 
ISSN={0278-0070}, 
month={July},}

@InProceedings{beckertBormerKirsten2016,
  title			= {Automated Verification for Functional and Relational Properties of Voting Rules},
  author		= {Beckert, Bernhard and Bormer, Thorsten and Kirsten, Michael and Neuber, Till and Ulbrich, Mattias},
  booktitle		= {Sixth International Workshop on Computational Social Choice (COMSOC 2016)},
  month			= jun,
  year			= {2016},
  address		= {Toulouse, France},
}

@INPROCEEDINGS{7091291, 
author={Y. Kim and M. Kim}, 
booktitle={2014 21st Asia-Pacific Software Engineering Conference}, 
title={SAT-Based Bounded Software Model Checking for Embedded Software: A Case Study}, 
year={2014}, 
volume={1}, 
pages={55-62}, 
keywords={embedded systems;formal verification;CBMC;SAT-based bounded software model checking;automated program analysis;busy box;complex embedded software;concolic testing;embedded devices;false negatives;loop analysis;manual testing;network equipments;smart phones;Computer bugs;Manuals;Model checking;Optimized production technology;Software;Upper bound;Case study;Embedded software;Software model checking}, 
doi={10.1109/APSEC.2014.17}, 
ISSN={1530-1362}, 
month={Dec},}

@inproceedings{Fava:2016:CPP:2884781.2884865,
 author = {Fava, Daniel and Shapiro, Dan and Osborn, Joseph and Sch\"{a}ef, Martin and Whitehead,Jr., E. James},
 title = {Crowdsourcing Program Preconditions via a Classification Game},
 booktitle = {Proceedings of the 38th International Conference on Software Engineering},
 series = {ICSE '16},
 year = {2016},
 isbn = {978-1-4503-3900-1},
 location = {Austin, Texas},
 pages = {1086--1096},
 numpages = {11},
 url = {http://doi.acm.org/10.1145/2884781.2884865},
 doi = {10.1145/2884781.2884865},
 acmid = {2884865},
 publisher = {ACM},
 address = {New York, NY, USA},
} 

@INPROCEEDINGS{7372062, 
author={A. Groce and I. Ahmed and C. Jensen and P. E. McKenney}, 
booktitle={Automated Software Engineering (ASE), 2015 30th IEEE/ACM International Conference on}, 
title={How Verified is My Code? Falsification-Driven Verification (T)}, 
year={2015}, 
pages={737-748}, 
keywords={Java;Linux;formal verification;CBMC model checker;JavaScript engine;Linux kernel read-copy-update mechanism;falsification-driven verification;formal verification;mutation analysis;Arrays;Computer bugs;Model checking;Software;Software engineering;Sorting;falsification;model checking;mutation;oracles;test harnesses;verification}, 
doi={10.1109/ASE.2015.40}, 
month={Nov},}

@INPROCEEDINGS{7371997, 
author={J. Toman and S. Pernsteiner and E. Torlak}, 
booktitle={Automated Software Engineering (ASE), 2015 30th IEEE/ACM International Conference on}, 
title={Crust: A Bounded Verifier for Rust (N)}, 
year={2015}, 
pages={75-80}, 
keywords={data structures;formal verification;program compilers;program debugging;program diagnostics;program testing;software libraries;CRUST;Rust;bounded model checking;compiler;data structure implementations;exhaustive test generation;memory safety bugs;memory safety violations;pointer aliasing invariants;static analysis;unsafe library code;Arrays;Computer bugs;Indexes;Libraries;Safety;Standards;SMT-based verification;memory safety;test generation}, 
doi={10.1109/ASE.2015.77}, 
month={Nov},}

@article{Merz:2015:BGT:2837773.2837824,
 author = {Merz, Florian and Sinz, Carsten and Post, Hendrik and Gorges, Thomas and Kropf, Thomas},
 title = {Bridging the Gap Between Test Cases and Requirements by Abstract Testing},
 journal = {Innov. Syst. Softw. Eng.},
 issue_date = {December  2015},
 volume = {11},
 number = {4},
 month = dec,
 year = {2015},
 issn = {1614-5046},
 pages = {233--242},
 numpages = {10},
 url = {http://dx.doi.org/10.1007/s11334-015-0245-7},
 doi = {10.1007/s11334-015-0245-7},
 acmid = {2837824},
 publisher = {Springer-Verlag New York, Inc.},
 address = {Secaucus, NJ, USA},
 keywords = {Automotive software quality, Bounded model checking, Safety-critical software, Static analysis, Testing, Verification},
} 

@article{Ludwich:2013:FVC:2433140.2433148,
 author = {Ludwich, Mateus Krepsky and Fr\"{o}hlich, Ant\^{o}nio Augusto},
 title = {On the Formal Verification of Component-based Embedded Operating Systems},
 journal = {SIGOPS Oper. Syst. Rev.},
 issue_date = {January 2013},
 volume = {47},
 number = {1},
 month = jan,
 year = {2013},
 issn = {0163-5980},
 pages = {28--34},
 numpages = {7},
 url = {http://doi.acm.org/10.1145/2433140.2433148},
 doi = {10.1145/2433140.2433148},
 acmid = {2433148},
 publisher = {ACM},
 address = {New York, NY, USA},
 keywords = {embedded operating systems, formal verification, scheduling},
} 

@article{vorobyov2010comparing,
  title={Comparing model checking and static program analysis: A case study in error detection approaches},
  author={Vorobyov, Kostyantyn and Krishnan, Padmanabhan},
  journal={Proceedings of SSV},
  year={2010}
}

@inproceedings{Werner2010CorrectnessOS,
  title={Correctness of Sensor Network Applications by Software Bounded Model Checking},
  author={Frank Werner and David Farag{\'o}},
  booktitle={FMICS},
  year={2010}
}

@INPROCEEDINGS{7195716, 
author={T. Vörtler and B. Höckner and P. Hofstedt and T. Klotz}, 
booktitle={Design and Diagnostics of Electronic Circuits Systems (DDECS), 2015 IEEE 18th International Symposium on}, 
title={Formal Verification of Software for the Contiki Operating System Considering Interrupts}, 
year={2015}, 
pages={295-298}, 
keywords={C language;embedded systems;interrupts;operating systems (computers);program verification;source code (software);CBMC;Contiki operating system;embedded system operating system;formal verification framework;hardware environment;hardware independent C source code;interrupt handling;periodically-occurring interrupts;software model checking tool;Embedded systems;Kernel;Model checking;Radiation detectors;Random access memory}, 
doi={10.1109/DDECS.2015.59}, 
month={April},}

@Article{BK11,
author={D. Bucur and M. Kwiatkowska},
title={On Software verification for Sensor Nodes},
journal={Journal of Software and Systems},
year={2011},
volume={84},
number={10},
pages={1693--1707},
publisher={Elsevier},
month={},
note={},
key={}
}

@article{Schlich:2009:MCC:1569778.1569782,
 author = {Schlich, Bastian and Kowalewski, Stefan},
 title = {Model Checking C Source Code for Embedded Systems},
 journal = {Int. J. Softw. Tools Technol. Transf.},
 issue_date = {June 2009},
 volume = {11},
 number = {3},
 month = jun,
 year = {2009},
 issn = {1433-2779},
 pages = {187--202},
 numpages = {16},
 url = {http://dx.doi.org/10.1007/s10009-009-0106-5},
 doi = {10.1007/s10009-009-0106-5},
 acmid = {1569782},
 publisher = {Springer-Verlag},
 address = {Berlin, Heidelberg},
 keywords = {Assembly code, C code, Embedded systems, Microcontroller, Model checking},
}

@inproceedings{Post:2007:ISA:1770498.1770525,
 author = {Post, Hendrik and K\"{u}chlin, Wolfgang},
 title = {Integrated Static Analysis for Linux Device Driver Verification},
 booktitle = {Proceedings of the 6th International Conference on Integrated Formal Methods},
 series = {IFM'07},
 year = {2007},
 isbn = {978-3-540-73209-9},
 location = {Oxford, UK},
 pages = {518--537},
 numpages = {20},
 url = {http://dl.acm.org/citation.cfm?id=1770498.1770525},
 acmid = {1770525},
 publisher = {Springer-Verlag},
 address = {Berlin, Heidelberg},
} 

@INPROCEEDINGS{4639322, 
author={H. Post and C. Sinz and A. Kaiser and T. Gorges}, 
booktitle={Automated Software Engineering, 2008. ASE 2008. 23rd IEEE/ACM International Conference on}, 
title={Reducing False Positives by Combining Abstract Interpretation and Bounded Model Checking}, 
year={2008}, 
pages={188-197}, 
keywords={C language;automobile industry;embedded systems;program diagnostics;program verification;software reliability;software tools;C language;abstract interpretation;automatic source code analysis tool;automotive industry;embedded software development process;false positive error report reduction;industrial software project;software verification technique;source code bounded model checking;Application software;Automatic control;Automation;Computer industry;Control system synthesis;Embedded computing;Embedded software;Inspection;Integral equations;Software systems}, 
doi={10.1109/ASE.2008.29}, 
ISSN={1938-4300}, 
month={Sept},}

@INPROCEEDINGS{4639338, 
author={H. Post and C. Sinz}, 
booktitle={Automated Software Engineering, 2008. ASE 2008. 23rd IEEE/ACM International Conference on}, 
title={Configuration Lifting: Verification meets Software Configuration},
year={2008}, 
pages={347-350}, 
keywords={Linux;configuration management;operating system kernels;product development;program verification;software reusability;SPL;configurable Linux kernel;configuration lifting;deduction-based approaches;meta-program;model checking;software configuration;software product line;static analysis;verification techniques;Application software;Computer science;Concrete;Kernel;Linux;Runtime;Software algorithms;Software systems;Software testing;Software tools}, 
doi={10.1109/ASE.2008.45}, 
ISSN={1938-4300}, 
month={Sept},}

@INPROCEEDINGS{5066674, 
author={L. Cordeiro and B. Fischer and H. Chen and J. Marques-Silva}, 
booktitle={Embedded Software and Systems, 2009. ICESS '09. International Conference on}, 
title={Semiformal Verification of Embedded Software in Medical Devices Considering Stringent Hardware Constraints}, 
year={2009}, 
pages={396-403}, 
keywords={biomedical equipment;embedded systems;formal verification;quality management;software metrics;embedded software;medical devices;product quality;semiformal verification;software complexity;stringent hardware constraints;Biomedical engineering;Concurrent computing;Control systems;Embedded software;Embedded system;Hardware;Medical control systems;Registers;Software quality;Systems engineering and theory;Bounded Model Checking;Embedded Software Verification;Predicate Abstraction;Simulation}, 
doi={10.1109/ICESS.2009.82}, 
month={May},}s

@inproceedings{Kim:2008:FVF:1429078.1429092,
 author = {Kim, Moonzoo and Choi, Yunja and Kim, Yunho and Kim, Hotae},
 title = {Formal Verification of a Flash Memory Device Driver --- An Experience Report},
 booktitle = {Proceedings of the 15th International Workshop on Model Checking Software},
 series = {SPIN '08},
 year = {2008},
 isbn = {978-3-540-85113-4},
 location = {Los Angeles, CA, USA},
 pages = {144--159},
 numpages = {16},
 url = {http://dx.doi.org/10.1007/978-3-540-85114-1_12},
 doi = {10.1007/978-3-540-85114-1_12},
 acmid = {1429092},
 publisher = {Springer-Verlag},
 address = {Berlin, Heidelberg},
} 

@incollection{Kim:2009:CTM:1693660.1693677,
 author = {Kim, Moonzoo and Kim, Yunho},
 chapter = {Concolic Testing of the Multi-sector Read Operation for Flash Memory File System},
 title = {Formal Methods: Foundations and Applications},
 editor = {Oliveira, Marcel Vin\'{\i}cius and Woodcock, Jim},
 year = {2009},
 isbn = {978-3-642-10451-0},
 pages = {251--265},
 numpages = {15},
 url = {http://dx.doi.org/10.1007/978-3-642-10452-7_17},
 doi = {10.1007/978-3-642-10452-7_17},
 acmid = {1693677},
 publisher = {Springer-Verlag},
 address = {Berlin, Heidelberg},
} 

@INPROCEEDINGS{4639323, 
author={M. Kim and Y. Kim and H. Kim}, 
booktitle={Automated Software Engineering, 2008. ASE 2008. 23rd IEEE/ACM International Conference on}, 
title={Unit Testing of Flash Memory Device Driver through a SAT-Based Model Checker}, 
year={2008}, 
pages={198-207}, 
keywords={device drivers;flash memories;program testing;program verification;Boolean satisfiability solver;SAT-based model checker;bit-level accurate verification;bugs;device driver software;embedded software;flash memory device driver;mobile devices;unit testing;Automatic testing;Computer bugs;Computer industry;Debugging;Driver circuits;Embedded software;Flash memory;Humans;Manufacturing;Software testing}, 
doi={10.1109/ASE.2008.30}, 
ISSN={1938-4300}, 
month={Sept},}

@ARTICLE{5510242, 
author={M. Kim and Y. Kim and H. Kim}, 
journal={IEEE Transactions on Software Engineering}, 
title={A Comparative Study of Software Model Checkers as Unit Testing Tools: An Industrial Case Study}, 
year={2011}, 
volume={37}, 
number={2}, 
pages={146-160}, 
keywords={C language;program testing;program verification;storage management;Blast;C program;CBMC;abstract target model;complex embedded software;flash memory;model checking techniques;software model checkers;storage platform software;unit testing tools;CEGAR-based model checking;Embedded software verification;bounded model checking;flash file systems.;software model checking}, 
doi={10.1109/TSE.2010.68}, 
ISSN={0098-5589}, 
month={March},}

@inbook{0fbeb641779543c98fb1d6ff2180664c,
title = "Cross-platform verification framework for embedded systems",
author = "Ingomar Wenzel and Raimund Kirner and Bernhard Rieder and Peter Puschner",
year = "2007",
month = "9",
isbn = "978-3-540-75663-7",
series = "Lecture Notes in Computer Science",
publisher = "Springer",
pages = "137--148",
editor = "R. Obermaisser and N. Yunmook and P. Puschner and F.J. Rammig",
booktitle = "Software Technologies for Embedded and Ubiquitous Systems",
}

@inproceedings{Cordeiro:2009:SBM:1747491.1747515,
 author = {Cordeiro, Lucas and Fischer, Bernd and Marques-Silva, Joao},
 title = {SMT-Based Bounded Model Checking for Embedded ANSI-C Software},
 booktitle = {Proceedings of the 2009 IEEE/ACM International Conference on Automated Software Engineering},
 series = {ASE '09},
 year = {2009},
 isbn = {978-0-7695-3891-4},
 pages = {137--148},
 numpages = {12},
 url = {http://dx.doi.org/10.1109/ASE.2009.63},
 doi = {10.1109/ASE.2009.63},
 acmid = {1747515},
 publisher = {IEEE Computer Society},
 address = {Washington, DC, USA},
 keywords = {Bounded Model Checking, Satisfiability Modulo Theories, Embedded ANSI-C Software},
} 

@article{CousotEtAl10-FMSD,
   author =    {P{.} Cousot and R{.} Cousot and J.~Feret and L.~Mauborgne 
                and A.~Min\'e and X.~Rival},
   title =     {Why does Astrée scale up?},
   journal =   {Formal Methods in System Design},
   volume =    {35},
   number =    {3},
   year =      2009,
   month =     dec,
   pages =     {229--264},
   doi =       {10.1007/s10703-009-0089-6},
}

@inproceedings{Metta:2011:VCO:2004685.2005455,
 author = {Metta, Ravindra},
 title = {Verifying Code and Its Optimizations: An Experience Report},
 booktitle = {Proceedings of the 2011 IEEE Fourth International Conference on Software Testing, Verification and Validation Workshops},
 series = {ICSTW '11},
 year = {2011},
 isbn = {978-0-7695-4345-1},
 pages = {578--583},
 numpages = {6},
 url = {http://dx.doi.org/10.1109/ICSTW.2011.44},
 doi = {10.1109/ICSTW.2011.44},
 acmid = {2005455},
 publisher = {IEEE Computer Society},
 address = {Washington, DC, USA},
 keywords = {verification, code, scalability, evolution},
} 

@inproceedings{DBLP:journals/corr/abs-1301-0042,
  author    = {Mingyu Park and
               Taejoon Byun and
               Yunja Choi},
  title     = {Property-based Code Slicing for Efficient Verification of {OSEK/VDX}
               Operating Systems},
  booktitle = {Proceedings First International Workshop on Formal Techniques for
               Safety-Critical Systems, {FTSCS} 2012, Kyoto, Japan, November 12,
               2012.},
  pages     = {69--84},
  year      = {2012},
  url       = {http://dx.doi.org/10.4204/EPTCS.105.6},
  doi       = {10.4204/EPTCS.105.6},
  timestamp = {Mon, 28 Oct 2013 16:56:55 +0100},
  biburl    = {http://dblp.uni-trier.de/rec/bib/journals/corr/abs-1301-0042},
  bibsource = {dblp computer science bibliography, http://dblp.org}
}

@Inbook{Yeolekar2013,
author="Yeolekar, Anand
and Unadkat, Divyesh",
editor="Bertacco, Valeria
and Legay, Axel",
title="Assertion Checking Using Dynamic Inference",
bookTitle="Hardware and Software: Verification and Testing: 9th International Haifa Verification Conference, HVC 2013, Haifa, Israel, November 5-7, 2013, Proceedings",
year="2013",
publisher="Springer International Publishing",
address="Cham",
pages="199--213",
isbn="978-3-319-03077-7",
doi="10.1007/978-3-319-03077-7_14",
url="http://dx.doi.org/10.1007/978-3-319-03077-7_14"
}

@inproceedings{Petrenko:2015:MTA:2744769.2747935,
 author = {Petrenko, Alexandre and Timo, Omer Nguena and Ramesh, S.},
 title = {Model-based Testing of Automotive Software: Some Challenges and Solutions},
 booktitle = {Proceedings of the 52Nd Annual Design Automation Conference},
 series = {DAC '15},
 year = {2015},
 isbn = {978-1-4503-3520-1},
 location = {San Francisco, California},
 pages = {118:1--118:6},
 articleno = {118},
 numpages = {6},
 url = {http://doi.acm.org/10.1145/2744769.2747935},
 doi = {10.1145/2744769.2747935},
 acmid = {2747935},
 publisher = {ACM},
 address = {New York, NY, USA},
 keywords = {extended state machines, finite state machines, model-based testing, statecharts, test chaining, test generation, test models, test optimization, tester-in-the-loop},
} 

@article{Ball:1999:CDA:318774.318944,
 author = {Ball, Thoms},
 title = {The Concept of Dynamic Analysis},
 journal = {SIGSOFT Softw. Eng. Notes},
 issue_date = {Nov. 1999},
 volume = {24},
 number = {6},
 month = oct,
 year = {1999},
 issn = {0163-5948},
 pages = {216--234},
 numpages = {19},
 url = {http://doi.acm.org/10.1145/318774.318944},
 doi = {10.1145/318774.318944},
 acmid = {318944},
 publisher = {ACM},
 address = {New York, NY, USA},
} 

@inproceedings{tukaram2013efficient,
  title={Efficient Elimination of False Positives Using Bounded Model Checking},
  author={Tukaram Muske, Advaita Datar, Mayur Khanzode Kumar Madhukar},
  booktitle={VALID 2013, The Fifth International Conference on Advances in System Testing and Validation Lifecycle},
  pages={13--to},
  year={2013},
  organization={IARIA, 2013}
}

@inproceedings{Kumar:2013:PRA:2491411.2494569,
 author = {Kumar, Shrawan and Chimdyalwar, Bharti and Shrotri, Ulka},
 title = {Precise Range Analysis on Large Industry Code},
 booktitle = {Proceedings of the 2013 9th Joint Meeting on Foundations of Software Engineering},
 series = {ESEC/FSE 2013},
 year = {2013},
 isbn = {978-1-4503-2237-9},
 location = {Saint Petersburg, Russia},
 pages = {675--678},
 numpages = {4},
 url = {http://doi.acm.org/10.1145/2491411.2494569},
 doi = {10.1145/2491411.2494569},
 acmid = {2494569},
 publisher = {ACM},
 address = {New York, NY, USA},
 keywords = {Abstract Interpretation, Interval Domain, Range Analysis},
} 

@article{Griesmayer:2007:AFL:1247747.1248089,
 author = {Griesmayer, Andreas and Staber, Stefan and Bloem, Roderick},
 title = {Automated Fault Localization for C Programs},
 journal = {Electron. Notes Theor. Comput. Sci.},
 issue_date = {May, 2007},
 volume = {174},
 number = {4},
 month = may,
 year = {2007},
 issn = {1571-0661},
 pages = {95--111},
 numpages = {17},
 url = {http://dx.doi.org/10.1016/j.entcs.2006.12.032},
 doi = {10.1016/j.entcs.2006.12.032},
 acmid = {1248089},
 publisher = {Elsevier Science Publishers B. V.},
 address = {Amsterdam, The Netherlands, The Netherlands},
 keywords = {counterexample, debugging, fault localization, model checking},
} 

@Inbook{Lee2011,
author="Lee, Dong-Ah
and Yoo, Junbeom
and Lee, Jang-Soo",
editor="Flammini, Francesco
and Bologna, Sandro
and Vittorini, Valeria",
title="Equivalence Checking between Function Block Diagrams and C Programs Using HW-CBMC",
bookTitle="Computer Safety, Reliability, and Security: 30th International Conference,SAFECOMP 2011, Naples, Italy, September 19-22, 2011. Proceedings",
year="2011",
publisher="Springer Berlin Heidelberg",
address="Berlin, Heidelberg",
pages="397--408",
isbn="978-3-642-24270-0",
doi="10.1007/978-3-642-24270-0_29",
url="http://dx.doi.org/10.1007/978-3-642-24270-0_29"
}

@INPROCEEDINGS{6693139, 
author={B. Fischer and O. Inverso and G. Parlato}, 
booktitle={Automated Software Engineering (ASE), 2013 IEEE/ACM 28th International Conference on}, 
title={CSeq: A concurrency pre-processor for sequential C verification tools}, 
year={2013}, 
pages={710-713}, 
keywords={C language;concurrency control;parallel programming;program interpreters;program verification;C program sequentialization;CBMC;CSeq tool;ESBMC;LLBMC;Lal-Reps sequentialization;automated sequential program verification tools;backend tools;concurrency preprocessing technique;concurrency preprocessor;concurrent program translation;dynamic thread creation;equivalent nondeterministic sequential programs;pthreads;sequential C verification tools;Benchmark testing;Concurrent computing;Context;Instruction sets;Programming}, 
doi={10.1109/ASE.2013.6693139}, 
month={Nov},}

@INPROCEEDINGS{6649878, 
author={Y. Zhang and F. Xie and Y. Dong and X. Zhou and C. Ma}, 
booktitle={Computer Software and Applications Conference (COMPSAC), 2013 IEEE 37th Annual}, 
title={Cyber/Physical Co-verification for Developing Reliable Cyber-physical Systems}, 
year={2013}, 
pages={539-548}, 
keywords={automata theory;control engineering computing;formal verification;reachability analysis;CPS reliability;CPS system-level properties;HAPS models;control algorithms;cyber components;cyber-physical co-verification;cyber-physical systems;hybrid automata pushdown system;physical components;reachability analysis;real-world control systems;software implementation;Automata;Control systems;Educational institutions;Mathematical model;Software;Software algorithms;Synchronization;Co-Verification;Cyber-Physical Systems;Model Checking;Symbolic Execution}, 
doi={10.1109/COMPSAC.2013.88}, 
month={July},}

@Inbook{Angeletti2009,
author="Angeletti, Damiano
and Giunchiglia, Enrico
and Narizzano, Massimo
and Puddu, Alessandra
and Sabina, Salvatore",
editor="Moreno-D{\'i}az, Roberto
and Pichler, Franz
and Quesada-Arencibia, Alexis",
title="Automatic Test Generation for Coverage Analysis Using CBMC",
bookTitle="Computer Aided Systems Theory - EUROCAST 2009: 12th International Conference, Las Palmas de Gran Canaria, Spain, February 15-20, 2009, Revised Selected Papers",
year="2009",
publisher="Springer Berlin Heidelberg",
address="Berlin, Heidelberg",
pages="287--294",
isbn="978-3-642-04772-5",
doi="10.1007/978-3-642-04772-5_38",
url="http://dx.doi.org/10.1007/978-3-642-04772-5_38"
}

@inBook{CousotCousot09-Marktoberdorf,
   author =    {P.~Cousot and R.~Cousot},
   title =     {A gentle introduction to formal verification of computer systems 
                by abstract interpretation},
   booktitle = {Logics and Languages for Reliability and Security},
   editor =    {J.~Esparza and O.~Grumberg and M.~Broy},
   series =    {NATO Science Series III: Computer and Systems Sciences},
   publisher = {IOS Press},
   year =      2010,
   pages =     {1--29},
}

@article{Clarke:2001:BMC:510986.510987,
 author = {Clarke, Edmund and Biere, Armin and Raimi, Richard and Zhu, Yunshan},
 title = {Bounded Model Checking Using Satisfiability Solving},
 journal = {Form. Methods Syst. Des.},
 issue_date = {July 2001},
 volume = {19},
 number = {1},
 month = jul,
 year = {2001},
 issn = {0925-9856},
 pages = {7--34},
 numpages = {28},
 url = {http://dx.doi.org/10.1023/A:1011276507260},
 doi = {10.1023/A:1011276507260},
 acmid = {510987},
 publisher = {Kluwer Academic Publishers},
 address = {Hingham, MA, USA},
 keywords = {bounded model checking, cone of influence reduction, model checking, processor verification, satisfiability},
} 

@INPROCEEDINGS{7423219, 
author={H. Rocha and H. Ismail and L. Cordeiro and R. Barreto}, 
booktitle={2015 Brazilian Symposium on Computing Systems Engineering (SBESC)}, 
title={Model Checking Embedded C Software Using k-Induction and Invariants}, 
year={2015}, 
pages={90-95}, 
keywords={embedded systems;formal verification;base case;bounded loops;control systems;forward condition;invariants;k-induction algorithm;loop unwindings;medical devices;model checking embedded C software;post-conditions;preconditions;safety property;telecommunications;unbounded loops;Algorithm design and analysis;Computer bugs;Hardware;Model checking;Safety;Software;Software algorithms;C Program;Invariants;Model Checking;k-Induction}, 
doi={10.1109/SBESC.2015.24}, 
month={Nov},}

@Inbook{Vardi2005,
author="Vardi, Moshe Y.",
editor="Eiter, Thomas
and Libkin, Leonid",
title="Model Checking for Database Theoreticians",
bookTitle="Database Theory - ICDT 2005: 10th International Conference, Edinburgh, UK, January 5-7, 2005. Proceedings",
year="2005",
publisher="Springer Berlin Heidelberg",
address="Berlin, Heidelberg",
pages="1--16",
isbn="978-3-540-30570-5",
doi="10.1007/978-3-540-30570-5_1",
url="http://dx.doi.org/10.1007/978-3-540-30570-5_1"
}

@inproceedings{Biere:1999:SMC:646483.691738,
 author = {Biere, Armin and Cimatti, Alessandro and Clarke, Edmund M. and Zhu, Yunshan},
 title = {Symbolic Model Checking Without BDDs},
 booktitle = {Proceedings of the 5th International Conference on Tools and Algorithms for Construction and Analysis of Systems},
 series = {TACAS '99},
 year = {1999},
 isbn = {3-540-65703-7},
 pages = {193--207},
 numpages = {15},
 url = {http://dl.acm.org/citation.cfm?id=646483.691738},
 acmid = {691738},
 publisher = {Springer-Verlag},
 address = {London, UK, UK},
} 

@inproceedings{Clarke:2003:HVU:1119772.1119831,
 author = {Clarke, Edmund and Kroening, Daniel},
 title = {Hardware Verification Using ANSI-C Programs As a Reference},
 booktitle = {Proceedings of the 2003 Asia and South Pacific Design Automation Conference},
 series = {ASP-DAC '03},
 year = {2003},
 isbn = {0-7803-7660-9},
 location = {Kitakyushu, Japan},
 pages = {308--311},
 numpages = {4},
 url = {http://doi.acm.org/10.1145/1119772.1119831},
 doi = {10.1145/1119772.1119831},
 acmid = {1119831},
 publisher = {ACM},
 address = {New York, NY, USA},
} 

@Article{Filliatre2011,
author="Filli{\^a}tre, Jean-Christophe",
title="Deductive software verification",
journal="International Journal on Software Tools for Technology Transfer",
year="2011",
volume="13",
number="5",
pages="397--403",
abstract="Deductive software verification, also known as program proving, expresses the correctness of a program as a set of mathematical statements, called verification conditions. They are then discharged using either automated or interactive theorem provers. We briefly review this research area, with an emphasis on tools.",
issn="1433-2787",
doi="10.1007/s10009-011-0211-0",
url="http://dx.doi.org/10.1007/s10009-011-0211-0"
}

@MISC{Hahnle_introductiondeductive,
    author = {Reiner Hähnle},
    title = {Introduction Deductive Software Verification},
    year = {}
}

% ****************************** Related Works *******************************